@inproceedings{BenHamadou:1986,
  title={{A compression technique for Arabic dictionaries: the affix analysis}},
  author={Ben Hamadou, Abdelmajid},
  booktitle={Proceedings of the 11th Conference on Computational Linguistics},
  pages={286--288},
  year={1986},
  organization={Association for Computational Linguistics}
}


@article{El-Sadany-et-al:1989,
  title={An Arabic morphological system},
  author={El-Sadany, Tarek and Hashish, Mohamed},
  journal={IBM Systems Journal},
  volume={28},
  number={4},
  pages={600--612},
  year={1989},
  publisher={IBM}
}
